% This file was created with JabRef 2.7b.
% Encoding: UTF-8

@ARTICLE{7samurai1,
  author = {Abert,M and Bergeron, N and Biringer, I and Gelander,T and Nikolov,
	N and Raimbault. J and Samet,I},
  title = {On the growth of {$L^2$}-invariants for sequences of lattices in
	{L}ie groups},
  journal = {http://arxiv.org/abs/1210.2961},
  year = {2012},
  owner = {martin},
  timestamp = {2012.10.11}
}

@ARTICLE{MR785648,
  author = {Akiyama, Jin and Kano, Mikio},
  title = {Factors and factorizations of graphs---a survey},
  journal = {J. Graph Theory},
  year = {1985},
  volume = {9},
  pages = {1--42},
  number = {1},
  coden = {JGTHDO},
  doi = {10.1002/jgt.3190090103},
  fjournal = {Journal of Graph Theory},
  issn = {0364-9024},
  mrclass = {05C70},
  mrnumber = {785648 (86e:05070)},
  mrreviewer = {Norman Biggs},
  url = {http://dx.doi.org/10.1002/jgt.3190090103}
}

@UNPUBLISHED{Anath07,
  author = {C. Anantharaman-Delaroche},
  title = {Amenability and exactness for groups, group actions and operator
	algebras},
  year = {2007},
  timestamp = {2010.06.10},
  url = {http://www.univ-orleans.fr/mapmo/membres/anantharaman/publications/ESI07.pdf}
}

@ARTICLE{MR2158394,
  author = {Anantharaman-Delaroche, Claire},
  title = {Cohomology of property {$T$} groupoids and applications},
  journal = {Ergodic Theory Dynam. Systems},
  year = {2005},
  volume = {25},
  pages = {977--1013},
  number = {4},
  doi = {10.1017/S0143385704000884},
  fjournal = {Ergodic Theory and Dynamical Systems},
  issn = {0143-3857},
  mrclass = {37A15 (46L55)},
  mrnumber = {2158394 (2006d:37004)},
  mrreviewer = {Paul Jolissaint},
  url = {http://dx.doi.org/10.1017/S0143385704000884}
}

@BOOK{MR1799683,
  title = {Amenable groupoids},
  publisher = {L'Enseignement Math\'ematique},
  year = {2000},
  author = {Anantharaman-Delaroche, C. and Renault, J.},
  volume = {36},
  pages = {196},
  series = {Monographies de L'Enseignement Math\'ematique [Monographs of L'Enseignement
	Math\'ematique]},
  address = {Geneva},
  note = {With a foreword by Georges Skandalis and Appendix B by E. Germain},
  isbn = {2-940264-01-5},
  mrclass = {22A22 (22D25 43A07 46L05 46L10 46L80)},
  mrnumber = {MR1799683 (2001m:22005)},
  mrreviewer = {Robert S. Doran}
}

@ARTICLE{exrangrps,
  author = {Arzhantseva,G.N and Delzant, T},
  title = {Examples of Random Groups},
  journal = {Journal of Topology (submitted)},
  year = {2008},
  owner = {martin},
  timestamp = {2012.04.24}
}

@ARTICLE{MR1681177,
  author = {Aslaksen, Helmer and Lee, Soo Teck and Packer, Judith},
  title = {{$K$}-theory for the integer {H}eisenberg groups},
  journal = {$K$-Theory},
  year = {1999},
  volume = {16},
  pages = {201--227},
  number = {3},
  coden = {KTHEEO},
  doi = {10.1023/A:1007785106768},
  fjournal = {$K$-Theory. An Interdisciplinary Journal for the Development, Application,
	and Influence of $K$-Theory in the Mathematical Sciences},
  issn = {0920-3036},
  mrclass = {19L64 (05B20 55R20)},
  mrnumber = {1681177 (2000m:19011)},
  mrreviewer = {V. P. Snaith},
  url = {http://dx.doi.org/10.1023/A:1007785106768}
}

@ARTICLE{MR0266247,
  author = {Atiyah, M. F.},
  title = {Global theory of elliptic operators},
  year = {1970},
  pages = {21--30},
  booktitle = {Proc. {I}nternat. {C}onf. on {F}unctional {A}nalysis and {R}elated
	{T}opics ({T}okyo, 1969)},
  mrclass = {57.50 (55.00)},
  mrnumber = {0266247 (42 \#1154)},
  mrreviewer = {K. H. Mayer},
  publisher = {Univ. of Tokyo Press, Tokyo}
}

@ARTICLE{MR1292018,
  author = {Baum, Paul and Connes, Alain and Higson, Nigel},
  title = {Classifying space for proper actions and {$K$}-theory of group {$C^\ast$}-algebras},
  year = {1994},
  volume = {167},
  pages = {240--291},
  address = {Providence, RI},
  booktitle = {{$C^\ast$}-algebras: 1943--1993 ({S}an {A}ntonio, {TX}, 1993)},
  mrclass = {46L80 (19K56 22D25 46L85)},
  mrnumber = {1292018 (96c:46070)},
  mrreviewer = {Ronghui Ji},
  publisher = {Amer. Math. Soc.},
  series = {Contemp. Math.}
}

@BOOK{MR2415834,
  title = {Kazhdan's property ({T})},
  publisher = {Cambridge University Press},
  year = {2008},
  author = {Bekka, Bachir and de la Harpe, Pierre and Valette, Alain},
  volume = {11},
  pages = {xiv+472},
  series = {New Mathematical Monographs},
  address = {Cambridge},
  doi = {10.1017/CBO9780511542749},
  isbn = {978-0-521-88720-5},
  mrclass = {22-02 (22E40 28D15 37A15 43A07 43A35)},
  mrnumber = {2415834 (2009i:22001)},
  mrreviewer = {Markus Neuhauser},
  url = {http://dx.doi.org/10.1017/CBO9780511542749}
}

@ARTICLE{MR745358,
  author = {Birget, Jean-Camille and Rhodes, John},
  title = {Almost finite expansions of arbitrary semigroups},
  journal = {J. Pure Appl. Algebra},
  year = {1984},
  volume = {32},
  pages = {239--287},
  number = {3},
  coden = {JPAAA2},
  doi = {10.1016/0022-4049(84)90092-6},
  fjournal = {Journal of Pure and Applied Algebra},
  issn = {0022-4049},
  mrclass = {20M35 (68Q45)},
  mrnumber = {745358 (85j:20075)},
  mrreviewer = {Howard Straubing},
  url = {http://dx.doi.org/10.1016/0022-4049(84)90092-6}
}

@BOOK{MR1656031,
  title = {{$K$}-theory for operator algebras},
  publisher = {Cambridge University Press},
  year = {1998},
  author = {Blackadar, Bruce},
  volume = {5},
  pages = {xx+300},
  series = {Mathematical Sciences Research Institute Publications},
  address = {Cambridge},
  edition = {Second},
  isbn = {0-521-63532-2},
  mrclass = {46L80 (19Kxx 58G12)},
  mrnumber = {1656031 (99g:46104)}
}

@ARTICLE{MR1758300,
  author = {Block, Jonathan and Weinberger, Shmuel},
  title = {Arithmetic manifolds of positive scalar curvature},
  journal = {J. Differential Geom.},
  year = {1999},
  volume = {52},
  pages = {375--406},
  number = {2},
  coden = {JDGEAS},
  fjournal = {Journal of Differential Geometry},
  issn = {0022-040X},
  mrclass = {53C21 (53C24)},
  mrnumber = {1758300 (2001h:53047)},
  mrreviewer = {Evgeni{\u\i} V. Troitski{\u\i}},
  url = {http://projecteuclid.org/getRecord?id=euclid.jdg/1214425281}
}

@ARTICLE{MR2457037,
  author = {Brodzki, Jacek and Niblo, Graham A. and Wright, Nick},
  title = {Partial translation algebras for trees},
  journal = {J. Noncommut. Geom.},
  year = {2009},
  volume = {3},
  pages = {83--98},
  number = {1},
  fjournal = {Journal of Noncommutative Geometry},
  issn = {1661-6952},
  mrclass = {46L05 (20F65 54E35)},
  mrnumber = {MR2457037},
  mrreviewer = {Piotr W. Nowak}
}

@UNPUBLISHED{BNW-KTA,
  author = {Brodzki, J. and Niblo, G. A. and Wright, N. J.},
  title = {K-theory and exact sequences of translation algebras},
  year = {2013}
}

@ARTICLE{MR2363428,
  author = {Brodzki, J. and Niblo, G. A. and Wright, N. J.},
  title = {Property {A}, partial translation structures, and uniform embeddings
	in groups},
  journal = {J. Lond. Math. Soc. (2)},
  year = {2007},
  volume = {76},
  pages = {479--497},
  number = {2},
  doi = {10.1112/jlms/jdm066},
  fjournal = {Journal of the London Mathematical Society. Second Series},
  issn = {0024-6107},
  mrclass = {46L85 (20F65 54E35)},
  mrnumber = {MR2363428 (2009h:46137)},
  mrreviewer = {Narutaka Ozawa},
  url = {http://dx.doi.org/10.1112/jlms/jdm066}
}

@ARTICLE{MR0458196,
  author = {Brown, L. G. and Douglas, R. G. and Fillmore, P. A.},
  title = {Extensions of {$C\sp*$}-algebras and {$K$}-homology},
  journal = {Ann. of Math. (2)},
  year = {1977},
  volume = {105},
  pages = {265--324},
  number = {2},
  fjournal = {Annals of Mathematics. Second Series},
  issn = {0003-486X},
  mrclass = {46M20 (46L05 47B37 55B35 58G10)},
  mrnumber = {0458196 (56 \#16399)},
  mrreviewer = {Claude Schochet}
}

@ARTICLE{BG-action-2012,
  author = {Nathanial P. Brown and Erik Guentner},
  title = {New {$C^{*$}}-completions of discrete groups and related spaces.},
  journal = {http://arxiv.org/abs/1205.4649v1},
  year = {2012}
}

@ARTICLE{MR1426438,
  author = {Cannon, J. W. and Floyd, W. J. and Parry, W. R.},
  title = {Introductory notes on {R}ichard {T}hompson's groups},
  journal = {Enseign. Math. (2)},
  year = {1996},
  volume = {42},
  pages = {215--256},
  number = {3-4},
  coden = {ENMAAR},
  fjournal = {L'Enseignement Math\'ematique. Revue Internationale. IIe S\'erie},
  issn = {0013-8584},
  mrclass = {20F32 (57M07)},
  mrnumber = {MR1426438 (98g:20058)},
  mrreviewer = {Michael L. Mihalik}
}

@ARTICLE{MR2419930,
  author = {Chen, Xiaoman and Tessera, Romain and Wang, Xianjin and Yu, Guoliang},
  title = {Metric sparsification and operator norm localization},
  journal = {Adv. Math.},
  year = {2008},
  volume = {218},
  pages = {1496--1511},
  number = {5},
  coden = {ADMTA4},
  doi = {10.1016/j.aim.2008.03.016},
  fjournal = {Advances in Mathematics},
  issn = {0001-8708},
  mrclass = {46L80 (19K56 20E26 46E40 58J22)},
  mrnumber = {2419930 (2010c:46150)},
  mrreviewer = {Tsuyoshi Kato},
  url = {http://dx.doi.org/10.1016/j.aim.2008.03.016}
}

@ARTICLE{a-Tpreprint,
  author = {Chen, X. and Wang, Q. and Wang, X.},
  title = {Characterization of a-{T}-menability by fibred coarse embedding into
	{H}ilbert space},
  journal = {Preprint},
  year = {2012}
}

@ARTICLE{FCEpaper,
  author = {Chen, Xiaoman and Wang, Qin and Yu, Guoliang},
  title = {The maximal coarse {B}aum-{C}onnes conjecture for spaces which admit
	a fibred coarse embedding into {H}ilbert space},
  journal = {http://arxiv.org/abs/1208.4543v1},
  year = {2012},
  owner = {martin},
  timestamp = {2012.10.05}
}

@ARTICLE{MR2419858,
  author = {Choi, Keunbae and Lim, Yongdo},
  title = {Transitive partial actions of groups},
  journal = {Period. Math. Hungar.},
  year = {2008},
  volume = {56},
  pages = {169--181},
  number = {2},
  coden = {PMHGAW},
  doi = {10.1007/s10998-008-6169-8},
  fjournal = {Periodica Mathematica Hungarica. Journal of the J\'anos Bolyai Mathematical
	Society},
  issn = {0031-5303},
  mrclass = {54H15 (20M18 20M20 37B05)},
  mrnumber = {2419858 (2009c:54009)},
  mrreviewer = {Jimmie D. Lawson},
  url = {http://dx.doi.org/10.1007/s10998-008-6169-8}
}

@BOOK{MR2340673,
  title = {Topological and bivariant {$K$}-theory},
  publisher = {Birkh\"auser Verlag},
  year = {2007},
  author = {Cuntz, Joachim and Meyer, Ralf and Rosenberg, Jonathan M.},
  volume = {36},
  pages = {xii+262},
  series = {Oberwolfach Seminars},
  address = {Basel},
  isbn = {978-3-7643-8398-5},
  mrclass = {19-02 (19K35 19K56 46L80 58J20)},
  mrnumber = {2340673 (2008j:19001)},
  mrreviewer = {Evgeni{\u\i} V. Troitski{\u\i}}
}

@ARTICLE{Exel2009,
  author = {Ruy Exel},
  title = {Reconstructing a totally disconnected groupoid from its ample semigroup},
  journal = {arXiv:math/0907.4530v1},
  year = {2009},
  month = jul,
  __markedentry = {[martin]},
  abstract = {We show that a (not necessarily Hausdorff) etale, second countable
	groupoid G with totally disconnected unit space may be reconstructed
	solely from the algebraic structure of its ample semigroup S. We
	also show that C*(G) possesses a universal property related to tight
	representations of S.},
  comments = {10 pages},
  eprint = {0907.4530},
  oai2identifier = {0907.4530},
  owner = {martin},
  timestamp = {2010.07.22}
}

@ARTICLE{MR2419901,
  author = {Exel, Ruy},
  title = {Inverse semigroups and combinatorial {$C\sp \ast$}-algebras},
  journal = {Bull. Braz. Math. Soc. (N.S.)},
  year = {2008},
  volume = {39},
  pages = {191--313},
  number = {2},
  fjournal = {Bulletin of the Brazilian Mathematical Society. New Series. Boletim
	da Sociedade Brasileira de Matem\'atica},
  issn = {1678-7544},
  mrclass = {46L05 (18B40 46L55)},
  mrnumber = {MR2419901 (2009b:46115)},
  mrreviewer = {Mark Tomforde}
}

@ARTICLE{MR1276163,
  author = {Exel, Ruy},
  title = {Circle actions on {$C^*$}-algebras, partial automorphisms, and a
	generalized {P}imsner-{V}oiculescu exact sequence},
  journal = {J. Funct. Anal.},
  year = {1994},
  volume = {122},
  pages = {361--401},
  number = {2},
  coden = {JFUAAW},
  doi = {10.1006/jfan.1994.1073},
  fjournal = {Journal of Functional Analysis},
  issn = {0022-1236},
  mrclass = {46L55 (46L80 47B35)},
  mrnumber = {1276163 (95g:46122)},
  mrreviewer = {Hiroshi Takai},
  url = {http://dx.doi.org/10.1006/jfan.1994.1073}
}

@INCOLLECTION{MR1937017,
  author = {Farrell, F. T.},
  title = {The {B}orel conjecture},
  booktitle = {Topology of high-dimensional manifolds, {N}o. 1, 2 ({T}rieste, 2001)},
  publisher = {Abdus Salam Int. Cent. Theoret. Phys., Trieste},
  year = {2002},
  volume = {9},
  series = {ICTP Lect. Notes},
  pages = {225--298},
  mrclass = {57R67 (19J25)},
  mrnumber = {1937017 (2004a:57040)}
}

@INCOLLECTION{MR1388295,
  author = {Ferry, Steven C. and Ranicki, Andrew and Rosenberg, Jonathan},
  title = {A history and survey of the {N}ovikov conjecture},
  booktitle = {Novikov conjectures, index theorems and rigidity, {V}ol.\ 1 ({O}berwolfach,
	1993)},
  publisher = {Cambridge Univ. Press},
  year = {1995},
  volume = {226},
  series = {London Math. Soc. Lecture Note Ser.},
  pages = {7--66},
  address = {Cambridge},
  doi = {10.1017/CBO9780511662676.003},
  mrclass = {57R67 (01A60 57R20 58G10)},
  mrnumber = {1388295 (97f:57036)},
  mrreviewer = {Oliver Attie},
  url = {http://dx.doi.org/10.1017/CBO9780511662676.003}
}

@INCOLLECTION{MR1388300,
  author = {Ferry, Steven C. and Weinberger, Shmuel},
  title = {A coarse approach to the {N}ovikov conjecture},
  booktitle = {Novikov conjectures, index theorems and rigidity, {V}ol.\ 1 ({O}berwolfach,
	1993)},
  publisher = {Cambridge Univ. Press},
  year = {1995},
  volume = {226},
  series = {London Math. Soc. Lecture Note Ser.},
  pages = {147--163},
  address = {Cambridge},
  doi = {10.1017/CBO9780511662676.008},
  mrclass = {57N15 (19J25 57R10 57R20 58G12)},
  mrnumber = {1388300 (97d:57025)},
  mrreviewer = {John Roe},
  url = {http://dx.doi.org/10.1017/CBO9780511662676.008}
}

@ARTICLE{mypub2,
  author = {Finn-Sell, M.},
  title = {Fibred coarse embedding into {H}ilbert space and the coarse {N}ovikov
	conjecture.},
  journal = {Preprint in preparation},
  year = {2012},
  owner = {martin},
  timestamp = {2012.10.11}
}

@ARTICLE{mypub1,
  author = {Finn-Sell,Martin and Wright,Nick},
  title = {The Coarse {B}aum-{C}onnes Conjecture, Boundary Groupoids and Expander
	Graphs},
  journal = {Preprint},
  year = {2012},
  owner = {martin},
  timestamp = {2012.01.24}
}

@ARTICLE{MR2431253,
  author = {Gong, Guihua and Wang, Qin and Yu, Guoliang},
  title = {Geometrization of the strong {N}ovikov conjecture for residually
	finite groups},
  journal = {J. Reine Angew. Math.},
  year = {2008},
  volume = {621},
  pages = {159--189},
  coden = {JRMAA8},
  doi = {10.1515/CRELLE.2008.061},
  fjournal = {Journal f\"ur die Reine und Angewandte Mathematik. [Crelle's Journal]},
  issn = {0075-4102},
  mrclass = {58J22 (22E40 57R67)},
  mrnumber = {2431253 (2010a:58027)},
  mrreviewer = {Jean-Louis Tu},
  url = {http://dx.doi.org/10.1515/CRELLE.2008.061}
}

@ARTICLE{MR1978492,
  author = {Gromov, M.},
  title = {Random walk in random groups},
  journal = {Geom. Funct. Anal.},
  year = {2003},
  volume = {13},
  pages = {73--146},
  number = {1},
  coden = {GFANFB},
  doi = {10.1007/s000390300002},
  fjournal = {Geometric and Functional Analysis},
  issn = {1016-443X},
  mrclass = {20F65 (20F67 20P05 60G50)},
  mrnumber = {1978492 (2004j:20088a)},
  mrreviewer = {Thomas Delzant},
  url = {http://dx.doi.org/10.1007/s000390300002}
}

@ARTICLE{EG-permanence,
  author = {Guentner, E.},
  title = {Permanence in {C}oarse {G}eometry},
  journal = {Recent Progress in General Topology III},
  comment = {http://www.math.hawaii.edu/~erik/papers/permanence.pdf},
  owner = {martin},
  timestamp = {2013.03.22},
  url = {http://www.math.hawaii.edu/~erik/papers/permanence.pdf}
}

@ARTICLE{MR2217050,
  author = {Guentner, Erik and Higson, Nigel and Weinberger, Shmuel},
  title = {The {N}ovikov conjecture for linear groups},
  journal = {Publ. Math. Inst. Hautes \'Etudes Sci.},
  year = {2005},
  pages = {243--268},
  number = {101},
  doi = {10.1007/s10240-005-0030-5},
  fjournal = {Publications Math\'ematiques. Institut de Hautes \'Etudes Scientifiques},
  issn = {0073-8301},
  mrclass = {19K56 (46L80 58J22)},
  mrnumber = {2217050 (2007c:19007)},
  mrreviewer = {Jean-Louis Tu},
  url = {http://dx.doi.org/10.1007/s10240-005-0030-5}
}

@ARTICLE{MR2947546,
  author = {Guentner, Erik and Tessera, Romain and Yu, Guoliang},
  title = {A notion of geometric complexity and its application to topological
	rigidity},
  journal = {Invent. Math.},
  year = {2012},
  volume = {189},
  pages = {315--357},
  number = {2},
  coden = {INVMBH},
  doi = {10.1007/s00222-011-0366-z},
  fjournal = {Inventiones Mathematicae},
  issn = {0020-9910},
  mrclass = {57Nxx (22Fxx 53Cxx)},
  mrnumber = {2947546},
  url = {http://dx.doi.org/10.1007/s00222-011-0366-z}
}

@ARTICLE{MR2764895,
  author = {Guentner, Erik and Tessera, Romain and Yu, Guoliang},
  title = {Operator norm localization for linear groups and its application
	to {$K$}-theory},
  journal = {Adv. Math.},
  year = {2011},
  volume = {226},
  pages = {3495--3510},
  number = {4},
  coden = {ADMTA4},
  doi = {10.1016/j.aim.2010.10.022},
  fjournal = {Advances in Mathematics},
  issn = {0001-8708},
  mrclass = {46L80 (19K56 20F65)},
  mrnumber = {2764895 (2012a:46136)},
  mrreviewer = {J{\'a}n {\v{S}}pakula},
  url = {http://dx.doi.org/10.1016/j.aim.2010.10.022}
}

@BOOK{MR1786869,
  title = {Topics in geometric group theory},
  publisher = {University of Chicago Press},
  year = {2000},
  author = {de la Harpe, Pierre},
  pages = {vi+310},
  series = {Chicago Lectures in Mathematics},
  address = {Chicago, IL},
  isbn = {0-226-31719-6; 0-226-31721-8},
  mrclass = {20F65 (20F69 57M07)},
  mrnumber = {MR1786869 (2001i:20081)},
  mrreviewer = {Lee Mosher}
}

@ARTICLE{MR1867354,
  author = {Hatcher, Allen},
  title = {Algebraic topology},
  year = {2002},
  pages = {xii+544},
  address = {Cambridge},
  isbn = {0-521-79160-X; 0-521-79540-0},
  mrclass = {55-01 (55-00)},
  mrnumber = {1867354 (2002k:55001)},
  mrreviewer = {Donald W. Kahn},
  publisher = {Cambridge University Press}
}

@ARTICLE{MR1779613,
  author = {Higson, N.},
  title = {Bivariant {$K$}-theory and the {N}ovikov conjecture},
  journal = {Geom. Funct. Anal.},
  year = {2000},
  volume = {10},
  pages = {563--581},
  number = {3},
  coden = {GFANFB},
  doi = {10.1007/PL00001630},
  fjournal = {Geometric and Functional Analysis},
  issn = {1016-443X},
  mrclass = {19K35 (46L80 46L85 58J22)},
  mrnumber = {1779613 (2001k:19009)},
  mrreviewer = {Yuri A. Kordyukov},
  url = {http://dx.doi.org/10.1007/PL00001630}
}

@ARTICLE{higsonpreprint,
  author = {Higson, Nigel},
  title = {Counterexamples to the coarse {B}aum-{C}onnes conjecture.},
  journal = {Preprint},
  year = {1999},
  owner = {martin},
  timestamp = {2012.04.12}
}

@ARTICLE{MR1487204,
  author = {Higson, Nigel and Kasparov, Gennadi},
  title = {Operator {$K$}-theory for groups which act properly and isometrically
	on {H}ilbert space},
  journal = {Electron. Res. Announc. Amer. Math. Soc.},
  year = {1997},
  volume = {3},
  pages = {131--142 (electronic)},
  doi = {10.1090/S1079-6762-97-00038-3},
  fjournal = {Electronic Research Announcements of the American Mathematical Society},
  issn = {1079-6762},
  mrclass = {46L80 (19K56)},
  mrnumber = {1487204 (99e:46090)},
  mrreviewer = {Vicumpriya S. Perera},
  url = {http://dx.doi.org/10.1090/S1079-6762-97-00038-3}
}

@ARTICLE{MR1911663,
  author = {Higson, N. and Lafforgue, V. and Skandalis, G.},
  title = {Counterexamples to the {B}aum-{C}onnes conjecture},
  journal = {Geom. Funct. Anal.},
  year = {2002},
  volume = {12},
  pages = {330--354},
  number = {2},
  coden = {GFANFB},
  doi = {10.1007/s00039-002-8249-5},
  fjournal = {Geometric and Functional Analysis},
  issn = {1016-443X},
  mrclass = {19K56 (22A22 46L80 46L85 58J22)},
  mrnumber = {1911663 (2003g:19007)},
  mrreviewer = {Alain Valette},
  url = {http://dx.doi.org/10.1007/s00039-002-8249-5}
}

@BOOK{MR1817560,
  title = {Analytic {$K$}-homology},
  publisher = {Oxford University Press},
  year = {2000},
  author = {Higson, Nigel and Roe, John},
  pages = {xviii+405},
  series = {Oxford Mathematical Monographs},
  address = {Oxford},
  note = {Oxford Science Publications},
  isbn = {0-19-851176-0},
  mrclass = {58J22 (19D55 19K33 19K35 19K56 46L80 58J20)},
  mrnumber = {MR1817560 (2002c:58036)},
  mrreviewer = {Yuri A. Kordyukov}
}

@INCOLLECTION{MR1388312,
  author = {Higson, Nigel and Roe, John},
  title = {On the coarse {B}aum-{C}onnes conjecture},
  booktitle = {Novikov conjectures, index theorems and rigidity, {V}ol.\ 2 ({O}berwolfach,
	1993)},
  publisher = {Cambridge Univ. Press},
  year = {1995},
  volume = {227},
  series = {London Math. Soc. Lecture Note Ser.},
  pages = {227--254},
  address = {Cambridge},
  doi = {10.1017/CBO9780511629365.008},
  mrclass = {58G12 (19K56 46L80 46L85)},
  mrnumber = {1388312 (97f:58127)},
  mrreviewer = {Georgi E. Karadzhov},
  url = {http://dx.doi.org/10.1017/CBO9780511629365.008}
}

@ARTICLE{MR2247919,
  author = {Hoory, Shlomo and Linial, Nathan and Wigderson, Avi},
  title = {Expander graphs and their applications},
  journal = {Bull. Amer. Math. Soc. (N.S.)},
  year = {2006},
  volume = {43},
  pages = {439--561 (electronic)},
  number = {4},
  coden = {BAMOAD},
  doi = {10.1090/S0273-0979-06-01126-8},
  fjournal = {American Mathematical Society. Bulletin. New Series},
  issn = {0273-0979},
  mrclass = {68Q15 (00-02 05C25 05C80 60G50 68Q17 68R10)},
  mrnumber = {2247919 (2007h:68055)},
  mrreviewer = {Mark R. Jerrum},
  url = {http://dx.doi.org/10.1090/S0273-0979-06-01126-8}
}

@BOOK{MR1455373,
  title = {Fundamentals of semigroup theory},
  publisher = {The Clarendon Press Oxford University Press},
  year = {1995},
  author = {Howie, John M.},
  volume = {12},
  pages = {x+351},
  series = {London Mathematical Society Monographs. New Series},
  address = {New York},
  note = {Oxford Science Publications},
  isbn = {0-19-851194-9},
  mrclass = {20Mxx (20-02)},
  mrnumber = {1455373 (98e:20059)},
  mrreviewer = {P. M. Higgins}
}

@BOOK{MR0466355,
  title = {An introduction to semigroup theory},
  publisher = {Academic Press [Harcourt Brace Jovanovich Publishers]},
  year = {1976},
  author = {Howie, J. M.},
  pages = {x+272},
  address = {London},
  note = {L.M.S. Monographs, No. 7},
  mrclass = {20MXX},
  mrnumber = {MR0466355 (57 \#6235)},
  mrreviewer = {T. E. Hall}
}

@UNPUBLISHED{CEL-2,
  author = {Joachim Cuntz, Siegfried Echterhoff, Xin Li},
  title = {On the {K}-theory of crossed products by automorphic semigroup actions},
  year = {2012},
  url = {http://arxiv.org/abs/1205.5412}
}

@ARTICLE{MR2041539,
  author = {Kellendonk, J. and Lawson, Mark V.},
  title = {Partial actions of groups},
  journal = {Internat. J. Algebra Comput.},
  year = {2004},
  volume = {14},
  pages = {87--114},
  number = {1},
  doi = {10.1142/S0218196704001657},
  fjournal = {International Journal of Algebra and Computation},
  issn = {0218-1967},
  mrclass = {20M18},
  mrnumber = {2041539 (2004m:20120)},
  mrreviewer = {Francis Pastijn},
  url = {http://dx.doi.org/10.1142/S0218196704001657}
}

@ARTICLE{MR1798993,
  author = {Kellendonk, Johannes and Putnam, Ian F.},
  title = {Tilings, {$C^*$}-algebras, and {$K$}-theory},
  year = {2000},
  volume = {13},
  pages = {177--206},
  address = {Providence, RI},
  booktitle = {Directions in mathematical quasicrystals},
  mrclass = {46L60 (19K14 37B50 46L80 52C23 82D25)},
  mrnumber = {1798993 (2001m:46153)},
  mrreviewer = {G. A. Noskov},
  publisher = {Amer. Math. Soc.},
  series = {CRM Monogr. Ser.}
}

@ARTICLE{MR1900993,
  author = {Khoshkam, Mahmood and Skandalis, Georges},
  title = {Regular representation of groupoid {$C^*$}-algebras and applications
	to inverse semigroups},
  journal = {J. Reine Angew. Math.},
  year = {2002},
  volume = {546},
  pages = {47--72},
  coden = {JRMAA8},
  doi = {10.1515/crll.2002.045},
  file = {:/home/martin/Documents/Mathematics/Papers/Relevant/Khoshkam.Skandalis.2002.pdf:PDF},
  fjournal = {Journal f\"ur die Reine und Angewandte Mathematik},
  issn = {0075-4102},
  mrclass = {46L05 (46L55)},
  mrnumber = {1900993 (2003f:46084)},
  mrreviewer = {N{\'a}ndor Sieben},
  url = {http://dx.doi.org/10.1515/crll.2002.045}
}

@BOOK{MR1035708,
  title = {Theory of finite and infinite graphs},
  publisher = {Birkh\"auser Boston Inc.},
  year = {1990},
  author = {K{\"o}nig, D{\'e}nes},
  pages = {vi+426},
  address = {Boston, MA},
  note = {Translated from the German by Richard McCoart, With a commentary
	by W. T. Tutte and a biographical sketch by T. Gallai},
  isbn = {0-8176-3389-8},
  mrclass = {01A75 (05Cxx)},
  mrnumber = {1035708 (91f:01026)},
  mrreviewer = {Robin J. Wilson}
}

@ARTICLE{lafforgue2012,
  author = {Lafforgue, Vincent},
  title = {La conjecture de {B}aum-{C}onnes \`a coefficients pour les groupes
	hyperboliques.},
  journal = {Journal of Noncommutative Geometry},
  year = {2012},
  volume = {6},
  pages = {pp. 1-197},
  owner = {martin},
  timestamp = {2012.04.13}
}

@ARTICLE{MR593479,
  author = {Lai, H{\^e}ng Lung and Lue, Huei Shyong},
  title = {Scalar curvature of {L}ie groups},
  journal = {Proc. Amer. Math. Soc.},
  year = {1981},
  volume = {81},
  pages = {311--315},
  number = {2},
  coden = {PAMYAR},
  doi = {10.2307/2044216},
  fjournal = {Proceedings of the American Mathematical Society},
  issn = {0002-9939},
  mrclass = {53C20 (22E15)},
  mrnumber = {593479 (82e:53066)},
  mrreviewer = {Hubert Gollek},
  url = {http://dx.doi.org/10.2307/2044216}
}

@ARTICLE{MR723010,
  author = {Lance, E. Christopher},
  title = {{$K$}-theory for certain group {$C^{\ast} $}-algebras},
  journal = {Acta Math.},
  year = {1983},
  volume = {151},
  pages = {209--230},
  number = {3-4},
  coden = {ACMAA8},
  doi = {10.1007/BF02393207},
  fjournal = {Acta Mathematica},
  issn = {0001-5962},
  mrclass = {46L80 (22D25 46L05 46M20)},
  mrnumber = {723010 (86f:46076)},
  mrreviewer = {Jonathan M. Rosenberg},
  url = {http://dx.doi.org/10.1007/BF02393207}
}

@ARTICLE{lawson-2011-1,
  author = {Mark V. Lawson},
  title = {Non-commutative Stone duality: inverse semigroups, topological groupoids
	and C*-algebras},
  year = {2011},
  url = {http://www.citebase.org/abstract?id=oai:arXiv.org:1104.1054}
}

@ARTICLE{MR2672179,
  author = {Lawson, M. V.},
  title = {Compactable semilattices},
  journal = {Semigroup Forum},
  year = {2010},
  volume = {81},
  pages = {187--199},
  number = {1},
  coden = {SMGFAN},
  doi = {10.1007/s00233-010-9245-y},
  fjournal = {Semigroup Forum},
  issn = {0037-1912},
  mrclass = {06E05 (06A12)},
  mrnumber = {2672179 (2011k:06025)},
  mrreviewer = {Oleg V. Gutik},
  url = {http://dx.doi.org/10.1007/s00233-010-9245-y}
}

@ARTICLE{lawson-2009,
  author = {Mark V. Lawson},
  title = {A non-commutative generalization of Stone duality},
  journal = {arXiv:math/0911.2863v1},
  year = {2009},
  url = {http://www.citebase.org/abstract?id=oai:arXiv.org:0911.2863}
}

@ARTICLE{MR2317635,
  author = {Lawson, Mark V.},
  title = {Orthogonal completions of the polycyclic monoids},
  journal = {Comm. Algebra},
  year = {2007},
  volume = {35},
  pages = {1651--1660},
  number = {5},
  coden = {COALDM},
  doi = {10.1080/00927870601169317},
  fjournal = {Communications in Algebra},
  issn = {0092-7872},
  mrclass = {20M18 (20F05)},
  mrnumber = {MR2317635 (2008a:20092)},
  mrreviewer = {Pedro V. Silva},
  url = {http://dx.doi.org/10.1080/00927870601169317}
}

@ARTICLE{MR2372319,
  author = {Lawson, Mark V.},
  title = {The polycyclic monoids {$P_n$} and the {T}hompson groups {$V_{n,1}$}},
  journal = {Comm. Algebra},
  year = {2007},
  volume = {35},
  pages = {4068--4087},
  number = {12},
  coden = {COALDM},
  doi = {10.1080/00927870701511400},
  fjournal = {Communications in Algebra},
  issn = {0092-7872},
  mrclass = {20M18 (20E32 20M07)},
  mrnumber = {MR2372319 (2008k:20141)},
  mrreviewer = {John D. P. Meldrum},
  url = {http://dx.doi.org/10.1080/00927870701511400}
}

@ARTICLE{MR1721768,
  author = {Lawson, Mark V.},
  title = {The structure of {$0$}-{$E$}-unitary inverse semigroups. {I}. {T}he
	monoid case},
  journal = {Proc. Edinburgh Math. Soc. (2)},
  year = {1999},
  volume = {42},
  pages = {497--520},
  number = {3},
  coden = {PRMSA3},
  fjournal = {Proceedings of the Edinburgh Mathematical Society. Series II},
  issn = {0013-0915},
  mrclass = {20M18},
  mrnumber = {MR1721768 (2000i:20098)},
  mrreviewer = {Franco Migliorini}
}

@BOOK{MR1694900,
  title = {Inverse semigroups},
  publisher = {World Scientific Publishing Co. Inc.},
  year = {1998},
  author = {Lawson, Mark V.},
  pages = {xiv+411},
  address = {River Edge, NJ},
  note = {The theory of partial symmetries},
  isbn = {981-02-3316-7},
  mrclass = {20M18 (18B40)},
  mrnumber = {MR1694900 (2000g:20123)},
  mrreviewer = {P. R. Jones}
}

@ARTICLE{MR2221438,
  author = {Lawson, Mark V. and Margolis, Stuart W. and Steinberg, Benjamin},
  title = {Expansions of inverse semigroups},
  journal = {J. Aust. Math. Soc.},
  year = {2006},
  volume = {80},
  pages = {205--228},
  number = {2},
  doi = {10.1017/S1446788700013082},
  fjournal = {Journal of the Australian Mathematical Society},
  issn = {1446-7887},
  mrclass = {20M10 (20M18 20M35)},
  mrnumber = {2221438 (2007c:20133)},
  mrreviewer = {Franco Migliorini},
  url = {http://dx.doi.org/10.1017/S1446788700013082}
}

@ARTICLE{MR1686846,
  author = {Le Gall, Pierre-Yves},
  title = {Th\'eorie de {K}asparov \'equivariante et groupo\"\i des. {I}},
  journal = {$K$-Theory},
  year = {1999},
  volume = {16},
  pages = {361--390},
  number = {4},
  coden = {KTHEEO},
  doi = {10.1023/A:1007707525423},
  fjournal = {$K$-Theory. An Interdisciplinary Journal for the Development, Application,
	and Influence of $K$-Theory in the Mathematical Sciences},
  issn = {0920-3036},
  mrclass = {19K35 (20L05 22A22 46L80)},
  mrnumber = {1686846 (2000f:19006)},
  mrreviewer = {Evgeni{\u\i} V. Troitski{\u\i}},
  url = {http://dx.doi.org/10.1023/A:1007707525423}
}

@ARTICLE{MR1447045,
  author = {Le Gall, Pierre-Yves},
  title = {Th\'eorie de {K}asparov \'equivariante et groupo\"\i des},
  journal = {C. R. Acad. Sci. Paris S\'er. I Math.},
  year = {1997},
  volume = {324},
  pages = {695--698},
  number = {6},
  coden = {CASMEI},
  doi = {10.1016/S0764-4442(97)86992-3},
  fjournal = {Comptes Rendus de l'Acad\'emie des Sciences. S\'erie I. Math\'ematique},
  issn = {0764-4442},
  mrclass = {46L80 (19K35)},
  mrnumber = {1447045 (98c:46150)},
  url = {http://dx.doi.org/10.1016/S0764-4442(97)86992-3}
}

@ARTICLE{MR2465914,
  author = {Lenz, Daniel H.},
  title = {On an order-based construction of a topological groupoid from an
	inverse semigroup},
  journal = {Proc. Edinb. Math. Soc. (2)},
  year = {2008},
  volume = {51},
  pages = {387--406},
  number = {2},
  doi = {10.1017/S0013091506000083},
  fjournal = {Proceedings of the Edinburgh Mathematical Society. Series II},
  issn = {0013-0915},
  mrclass = {22A22 (18B35 20M18 37B50 46L55 52C23)},
  mrnumber = {MR2465914 (2009k:22003)},
  mrreviewer = {M{\u{a}}d{\u{a}}lina Roxana Buneci},
  url = {http://dx.doi.org/10.1017/S0013091506000083}
}

@BOOK{MR2569682,
  title = {Discrete groups, expanding graphs and invariant measures},
  publisher = {Birkh\"auser Verlag},
  year = {2010},
  author = {Lubotzky, Alexander},
  pages = {iii+192},
  series = {Modern Birkh\"auser Classics},
  address = {Basel},
  note = {With an appendix by Jonathan D. Rogawski, Reprint of the 1994 edition},
  doi = {10.1007/978-3-0346-0332-4},
  isbn = {978-3-0346-0331-7},
  mrclass = {22E40 (05C25 11F70 28C10 43A07)},
  mrnumber = {2569682 (2010i:22011)},
  url = {http://dx.doi.org/10.1007/978-3-0346-0332-4}
}

@ARTICLE{MR0160848,
  author = {Macbeath, A. M.},
  title = {Groups of homeomorphisms of a simply connected space},
  journal = {Ann. of Math. (2)},
  year = {1964},
  volume = {79},
  pages = {473--488},
  fjournal = {Annals of Mathematics. Second Series},
  issn = {0003-486X},
  mrclass = {22.40 (22.70)},
  mrnumber = {0160848 (28 \#4058)},
  mrreviewer = {F. A. Sherk}
}

@ARTICLE{Milan-Steinberg,
  author = {Milan,David and Steinberg,Benjamin},
  title = {On inverse semigroup $C^*$-algebras and crossed products},
  journal = {http://arxiv.org/abs/1104.2304v1},
  year = {2011},
  owner = {martin},
  timestamp = {2012.07.12}
}

@BOOK{MR2027168,
  title = {Proper group actions and the {B}aum-{C}onnes conjecture},
  publisher = {Birkh\"auser Verlag},
  year = {2003},
  author = {Mislin, Guido and Valette, Alain},
  pages = {viii+131},
  series = {Advanced Courses in Mathematics. CRM Barcelona},
  address = {Basel},
  isbn = {3-7643-0408-1},
  mrclass = {19K35 (46L80 55N20 58J22)},
  mrnumber = {MR2027168 (2005d:19007)}
}

@UNPUBLISHED{Nor-2012,
  author = {Magnus Dahler Norling},
  title = {The {K}-theory of some reduced inverse semigroup {$C^{*}$}-algebras},
  year = {2012},
  url = {http://arxiv.org/abs/1207.6923}
}

@ARTICLE{MR2507115,
  author = {Ol{\cprime}shanskii, Alexander Yu. and Osin, Denis V. and Sapir,
	Mark V.},
  title = {Lacunary hyperbolic groups},
  journal = {Geom. Topol.},
  year = {2009},
  volume = {13},
  pages = {2051--2140},
  number = {4},
  note = {With an appendix by Michael Kapovich and Bruce Kleiner},
  doi = {10.2140/gt.2009.13.2051},
  fjournal = {Geometry \& Topology},
  issn = {1465-3060},
  mrclass = {20F67 (20F65 20F69)},
  mrnumber = {2507115 (2010i:20045)},
  mrreviewer = {Goulnara N. Arzhantseva},
  url = {http://dx.doi.org/10.2140/gt.2009.13.2051}
}

@ARTICLE{quantKtheory,
  author = {Oyono-Oyono, H. and Yu, G.},
  title = {On a quantitative operator {K}-theory},
  journal = {http://arxiv.org/abs/1106.2419v3},
  year = {2011},
  owner = {martin},
  timestamp = {2012.10.11}
}

@ARTICLE{MR2568691,
  author = {Oyono-Oyono, Herv{\'e} and Yu, Guoliang},
  title = {{$K$}-theory for the maximal {R}oe algebra of certain expanders},
  journal = {J. Funct. Anal.},
  year = {2009},
  volume = {257},
  pages = {3239--3292},
  number = {10},
  coden = {JFUAAW},
  doi = {10.1016/j.jfa.2009.04.017},
  fjournal = {Journal of Functional Analysis},
  issn = {0022-1236},
  mrclass = {46L80 (19K35 58J22)},
  mrnumber = {2568691 (2010h:46117)},
  mrreviewer = {Ralf Meyer},
  url = {http://dx.doi.org/10.1016/j.jfa.2009.04.017}
}

@ARTICLE{MR1962477,
  author = {Paterson, Alan L. T.},
  title = {Graph inverse semigroups, groupoids and their {$C\sp \ast$}-algebras},
  journal = {J. Operator Theory},
  year = {2002},
  volume = {48},
  pages = {645--662},
  number = {3, suppl.},
  fjournal = {Journal of Operator Theory},
  issn = {0379-4024},
  mrclass = {46L05 (20M18 22A22 43A07)},
  mrnumber = {MR1962477 (2004h:46066)},
  mrreviewer = {Wojciech Szyma{\'n}ski}
}

@BOOK{MR1724106,
  title = {Groupoids, inverse semigroups, and their operator algebras},
  publisher = {Birkh\"auser Boston Inc.},
  year = {1999},
  author = {Paterson, Alan L. T.},
  volume = {170},
  pages = {xvi+274},
  series = {Progress in Mathematics},
  address = {Boston, MA},
  isbn = {0-8176-4051-7},
  mrclass = {22A22 (20M18 22-02 22D25 46L05)},
  mrnumber = {MR1724106 (2001a:22003)},
  mrreviewer = {Jean N. Renault}
}

@BOOK{MR752899,
  title = {Inverse semigroups},
  publisher = {John Wiley \& Sons Inc.},
  year = {1984},
  author = {Petrich, Mario},
  pages = {x+674},
  series = {Pure and Applied Mathematics (New York)},
  address = {New York},
  note = {A Wiley-Interscience Publication},
  isbn = {0-471-87545-7},
  mrclass = {20-02 (20Mxx)},
  mrnumber = {MR752899 (85k:20001)},
  mrreviewer = {N. R. Reilly}
}

@ARTICLE{MR670181,
  author = {Pimsner, M. and Voiculescu, D.},
  title = {{$K$}-groups of reduced crossed products by free groups},
  journal = {J. Operator Theory},
  year = {1982},
  volume = {8},
  pages = {131--156},
  number = {1},
  fjournal = {Journal of Operator Theory},
  issn = {0379-4024},
  mrclass = {46L05 (16A54 46M20)},
  mrnumber = {670181 (84d:46092)},
  mrreviewer = {Vern Paulsen}
}

@ARTICLE{MR587369,
  author = {Pimsner, M. and Voiculescu, D.},
  title = {Exact sequences for {$K$}-groups and {E}xt-groups of certain cross-product
	{$C^{\ast} $}-algebras},
  journal = {J. Operator Theory},
  year = {1980},
  volume = {4},
  pages = {93--118},
  number = {1},
  fjournal = {Journal of Operator Theory},
  issn = {0379-4024},
  mrclass = {46L05 (46M20 58G12)},
  mrnumber = {587369 (82c:46074)},
  mrreviewer = {Vern Paulsen}
}

@ARTICLE{MR860685,
  author = {Pimsner, Mihai V.},
  title = {{$KK$}-groups of crossed products by groups acting on trees},
  journal = {Invent. Math.},
  year = {1986},
  volume = {86},
  pages = {603--634},
  number = {3},
  coden = {INVMBH},
  doi = {10.1007/BF01389271},
  fjournal = {Inventiones Mathematicae},
  issn = {0020-9910},
  mrclass = {22D45 (18F25 19K33 22D40 46L80)},
  mrnumber = {860685 (88f:22022)},
  mrreviewer = {R. J. Plymen},
  url = {http://dx.doi.org/10.1007/BF01389271}
}

@BOOK{Rosiesthesis,
  title = {partial translation algebras for certain discrete metric spaces},
  year = {2010},
  author = {Rosemary Johanna Putwain},
  owner = {martin},
  timestamp = {2011.07.01}
}

@BOOK{MR584266,
  title = {A groupoid approach to {$C^{\ast} $}-algebras},
  publisher = {Springer},
  year = {1980},
  author = {Renault, Jean},
  volume = {793},
  pages = {ii+160},
  series = {Lecture Notes in Mathematics},
  address = {Berlin},
  isbn = {3-540-09977-8},
  mrclass = {46Lxx (22D25 22D40)},
  mrnumber = {584266 (82h:46075)},
  mrreviewer = {A. K. Seda}
}

@BOOK{MR2007488,
  title = {Lectures on coarse geometry},
  publisher = {American Mathematical Society},
  year = {2003},
  author = {Roe, John},
  volume = {31},
  pages = {viii+175},
  series = {University Lecture Series},
  address = {Providence, RI},
  isbn = {0-8218-3332-4},
  mrclass = {53C24 (20F65 46L05 51K05 54E25)},
  mrnumber = {MR2007488 (2004g:53050)},
  mrreviewer = {Jean-Louis Tu}
}

@BOOK{MR1399087,
  title = {Index theory, coarse geometry, and topology of manifolds},
  publisher = {Published for the Conference Board of the Mathematical Sciences,
	Washington, DC},
  year = {1996},
  author = {Roe, John},
  volume = {90},
  pages = {x+100},
  series = {CBMS Regional Conference Series in Mathematics},
  isbn = {0-8218-0413-8},
  mrclass = {58G12 (19J25 19K35 19K56 20F32 46L80 57R67)},
  mrnumber = {1399087 (97h:58155)},
  mrreviewer = {Jonathan M. Rosenberg}
}

@ARTICLE{MR918459,
  author = {Roe, John},
  title = {An index theorem on open manifolds. {I}, {II}},
  journal = {J. Differential Geom.},
  year = {1988},
  volume = {27},
  pages = {87--113, 115--136},
  number = {1},
  coden = {JDGEAS},
  fjournal = {Journal of Differential Geometry},
  issn = {0022-040X},
  mrclass = {58G12 (58G10 58G30)},
  mrnumber = {918459 (89a:58102)},
  mrreviewer = {J{\'o}zef Dodziuk},
  url = {http://projecteuclid.org/getRecord?id=euclid.jdg/1214441652}
}

@ARTICLE{MR866507,
  author = {Rosenberg, J.},
  title = {{$C^\ast$}-algebras, positive scalar curvature and the {N}ovikov
	conjecture. {II}},
  year = {1986},
  volume = {123},
  pages = {341--374},
  address = {Harlow},
  booktitle = {Geometric methods in operator algebras ({K}yoto, 1983)},
  mrclass = {58G12 (18F25 19K56 46L80 46M20 53C15 57R15)},
  mrnumber = {866507 (88f:58140)},
  mrreviewer = {Howard D. Rees},
  publisher = {Longman Sci. Tech.},
  series = {Pitman Res. Notes Math. Ser.}
}

@ARTICLE{EGS-2011,
  author = {Ruy Exel, Daniel Gonçalves, Charles Starling},
  title = {The tiling C*-algebra viewed as a tight inverse semigroup algebra},
  journal = {arXiv:math/1106.4535}
}

@ARTICLE{AONL-2012,
  author = {Hiroki Sako},
  title = {Property {A} and the operator norm localization property for discrete
	metric spaces},
  journal = {arXiv:math/1203.5496v2}
}

@ARTICLE{manifoldsext1,
  author = {Sapir, Mark},
  title = {Aspherical groups and manifolds with extreme properties},
  journal = {http://arxiv.org/abs/1103.3873},
  year = {2011},
  owner = {martin},
  timestamp = {2012.10.05}
}

@ARTICLE{crossprod,
  author = {Nándor Sieben},
  title = {C*-crossed products by partial actions and actions of inverse semigroups},
  journal = {Journal of The Australian Mathematical Society},
  year = {1997},
  volume = {63},
  doi = {10.1017/S1446788700000306},
  masid = {12589103}
}

@ARTICLE{MR1905840,
  author = {Skandalis, G. and Tu, J. L. and Yu, G.},
  title = {The coarse {B}aum-{C}onnes conjecture and groupoids},
  journal = {Topology},
  year = {2002},
  volume = {41},
  pages = {807--834},
  number = {4},
  coden = {TPLGAF},
  doi = {10.1016/S0040-9383(01)00004-0},
  fjournal = {Topology. An International Journal of Mathematics},
  issn = {0040-9383},
  mrclass = {58J22 (19K56 46L80 46L85)},
  mrnumber = {MR1905840 (2003c:58020)},
  mrreviewer = {Paul D. Mitchener},
  url = {http://dx.doi.org/10.1016/S0040-9383(01)00004-0}
}

@ARTICLE{MR0323648,
  author = {Sumner, David P.},
  title = {Graphs with {$1$}-factors},
  journal = {Proc. Amer. Math. Soc.},
  year = {1974},
  volume = {42},
  pages = {8--12},
  fjournal = {Proceedings of the American Mathematical Society},
  issn = {0002-9939},
  mrclass = {05C99},
  mrnumber = {0323648 (48 \#2004)},
  mrreviewer = {W. T. Tutte}
}

@ARTICLE{cbcag2,
  author = {Tu, Jean-Louis},
  title = {The coarse {B}aum-{C}onnes conjecture and {G}roupoids. II},
  journal = {New York Journal of Mathematics},
  year = {2012},
  volume = {18},
  owner = {martin},
  timestamp = {2012.04.24}
}

@INCOLLECTION{MR1798599,
  author = {Tu, Jean-Louis},
  title = {The {B}aum-{C}onnes conjecture for groupoids},
  booktitle = {{$C^*$}-algebras ({M}\"unster, 1999)},
  publisher = {Springer},
  year = {2000},
  pages = {227--242},
  address = {Berlin},
  mrclass = {46L80 (19K56 22A22 46L05 46L87)},
  mrnumber = {1798599 (2001j:46109)},
  mrreviewer = {Richard Zekri}
}

@ARTICLE{MR1703305,
  author = {Tu, Jean-Louis},
  title = {La conjecture de {B}aum-{C}onnes pour les feuilletages moyennables},
  journal = {$K$-Theory},
  year = {1999},
  volume = {17},
  pages = {215--264},
  number = {3},
  coden = {KTHEEO},
  doi = {10.1023/A:1007744304422},
  fjournal = {$K$-Theory. An Interdisciplinary Journal for the Development, Application,
	and Influence of $K$-Theory in the Mathematical Sciences},
  issn = {0920-3036},
  mrclass = {19K35 (46L85 58J22)},
  mrnumber = {1703305 (2000g:19004)},
  mrreviewer = {Hiroshi Takai},
  url = {http://dx.doi.org/10.1023/A:1007744304422}
}

@BOOK{MR1907596,
  title = {Introduction to the {B}aum-{C}onnes conjecture},
  publisher = {Birkh\"auser Verlag},
  year = {2002},
  author = {Valette, Alain},
  pages = {x+104},
  series = {Lectures in Mathematics ETH Z\"urich},
  address = {Basel},
  note = {From notes taken by Indira Chatterji, With an appendix by Guido Mislin},
  isbn = {3-7643-6706-7},
  mrclass = {58J22 (19K35 22D25 46L80 46L87)},
  mrnumber = {MR1907596 (2003f:58047)},
  mrreviewer = {Paul D. Mitchener}
}

@ARTICLE{MR0415338,
  author = {Voiculescu, Dan},
  title = {A non-commutative {W}eyl-von {N}eumann theorem},
  journal = {Rev. Roumaine Math. Pures Appl.},
  year = {1976},
  volume = {21},
  pages = {97--113},
  number = {1},
  fjournal = {Acad\'emie de la R\'epublique Populaire Roumaine. Revue Roumaine de
	Math\'ematiques Pures et Appliqu\'ees},
  issn = {0035-3965},
  mrclass = {46L05 (47A65 47C10)},
  mrnumber = {0415338 (54 \#3427)},
  mrreviewer = {R. G. Douglas}
}

@ARTICLE{MR2363697,
  author = {Wang, Qin},
  title = {Remarks on ghost projections and ideals in the {R}oe algebras of
	expander sequences},
  journal = {Arch. Math. (Basel)},
  year = {2007},
  volume = {89},
  pages = {459--465},
  number = {5},
  coden = {ACVMAL},
  doi = {10.1007/s00013-007-2260-x},
  fjournal = {Archiv der Mathematik},
  issn = {0003-889X},
  mrclass = {46L80 (46L89)},
  mrnumber = {2363697 (2008k:46207)},
  mrreviewer = {Jean-Louis Tu},
  url = {http://dx.doi.org/10.1007/s00013-007-2260-x}
}

@BOOK{MR1222415,
  title = {{$K$}-theory and {$C^*$}-algebras},
  publisher = {The Clarendon Press Oxford University Press},
  year = {1993},
  author = {Wegge-Olsen, N. E.},
  pages = {xii+370},
  series = {Oxford Science Publications},
  address = {New York},
  note = {A friendly approach},
  isbn = {0-19-859694-4},
  mrclass = {46L80 (19Kxx 46L05)},
  mrnumber = {MR1222415 (95c:46116)},
  mrreviewer = {Mahmood Khoshkam}
}

@ARTICLE{explg1,
  author = {Willett, Rufus and Yu, Guoliang},
  title = {Higher index theory for certain expanders and {G}romov monster groups,
	{I}},
  journal = {Adv. Math.},
  year = {2012},
  volume = {229},
  pages = {1380--1416},
  number = {3},
  coden = {ADMTA4},
  doi = {10.1016/j.aim.2011.10.024},
  fjournal = {Advances in Mathematics},
  issn = {0001-8708},
  mrclass = {58J22 (19Kxx)},
  mrnumber = {2871145},
  url = {http://dx.doi.org/10.1016/j.aim.2011.10.024}
}

@ARTICLE{explg2,
  author = {Willett, Rufus and Yu, Guoliang},
  title = {Higher index theory for certain expanders and {G}romov monster groups,
	{II}},
  journal = {Adv. Math.},
  year = {2012},
  volume = {229},
  pages = {1762--1803},
  number = {3},
  coden = {ADMTA4},
  doi = {10.1016/j.aim.2011.12.016},
  fjournal = {Advances in Mathematics},
  issn = {0001-8708},
  mrclass = {58J22 (19Kxx)},
  mrnumber = {2871156},
  url = {http://dx.doi.org/10.1016/j.aim.2011.12.016}
}

@ARTICLE{MR1728880,
  author = {Yu, Guoliang},
  title = {The coarse {B}aum-{C}onnes conjecture for spaces which admit a uniform
	embedding into {H}ilbert space},
  journal = {Invent. Math.},
  year = {2000},
  volume = {139},
  pages = {201--240},
  number = {1},
  coden = {INVMBH},
  doi = {10.1007/s002229900032},
  fjournal = {Inventiones Mathematicae},
  issn = {0020-9910},
  mrclass = {19K56 (46L80 57R67 58J22)},
  mrnumber = {1728880 (2000j:19005)},
  mrreviewer = {Nigel Higson},
  url = {http://dx.doi.org/10.1007/s002229900032}
}

